@book{vallis_2006,
  author    = {K. Vallis, Goeffrey}, 
  title     = {Atmospheric and Oceanic Fluid Dynamic : Fundamentals and Large-scale Circulation},
  publisher = {Cambridge University Press},
  year      = 2006,
  address   = {The Edinburg Building, Cambridge CB2 2RU, UK},
  edition   = {Second Edition},
}



@book{gill-atmosphere-ocean,
  title={Atmosphere-Ocean Dynamics},
  author={Gill, Adrian E},
  year={1982},
  publisher={Academic Press : Elsevier}
}


@book{riley_hobson_bence_2006,
place      = {Cambridge},
edition    = {3},
title      = {Mathematical Methods for Physics and Engineering: A Comprehensive Guide},
DOI        = {10.1017/CBO9780511810763},
publisher  = {Cambridge University Press},
author     = {Riley, K. F. and Hobson, M. P. and Bence, S. J.},
year       = {2006},
}

@article{duhaut2006,
  title={Wind stress dependence on ocean surface velocity: Implications for mechanical energy input to ocean circulation},
  author={Duhaut, Thomas HA and Straub, David N},
  journal={Journal of physical oceanography},
  volume={36},
  number={2},
  pages={202--211},
  year={2006}
}


@article{chen_2021,
  title={Interaction of nonlinear Ekman pumping, near-inertial oscillations and geostrophic turbulence in an idealized coupled model},
  author={Chen, Yanxu and Straub, David and Nadeau, Louis-Philippe},
  journal={Journal of Physical Oceanography},
  year={2021}
}



% Impact à grande échelle du couplage entre Wavewatch III et NEMO sur les fluxs de chaleur ;
@article{breivik_al_2015,
  title={Surface wave effects in the {NEMO} ocean model: Forced and coupled experiments},
  author={Breivik, {\O}yvind and Mogensen, Kristian and Bidlot, Jean-Raymond and Balmaseda, Magdalena Alonso and Janssen, Peter A.E.M.},
  journal={Journal of Geophysical Research: Oceans},
  volume={120},
  number={4},
  pages={2973--2992},
  year={2015},
  publisher={Wiley Online Library}
}

% Les mamanbaiseurs ont fait ma maîtrise avant moi :
% --- Il y a tout la dedans : Couplage entre NEMO et WW3, fonctionnement des équations, etc. 
@article{wu_breivik_2019,
author = {Wu, Lichuan and Breivik, {\O}yvind and Rutgersson, Anna},
title = {Ocean-Wave-Atmosphere Interaction Processes in a Fully Coupled Modeling System},
journal = {Journal of Advances in Modeling Earth Systems},
volume = {11},
number = {11},
pages = {3852-3874},
keywords = {coupled model, air-sea-wave interaction, momentum flux, Stokes drift},
year = {2019}
}



@article{ardhuin2010semiempirical,
  title={Semiempirical dissipation source functions for ocean waves. Part I: Definition, calibration, and validation},
  author={Ardhuin, Fabrice and Rogers, Erick and Babanin, Alexander V and Filipot, Jean-Fran{\c{c}}ois and Magne, Rudy and Roland, Aaron and Van Der Westhuysen, Andre and Queffeulou, Pierre and Lefevre, Jean-Michel and Aouf, Lotfi and others},
  journal={Journal of Physical Oceanography},
  volume={40},
  number={9},
  pages={1917--1941},
  year={2010}
}


@article{couvelard2020development,
  title={Development of a two-way-coupled ocean--wave model: assessment on a global NEMO (v3. 6)--WW3 (v6. 02) coupled configuration},
  author={Couvelard, Xavier and Lemari{\'e}, Florian and Samson, Guillaume and Redelsperger, Jean-Luc and Ardhuin, Fabrice and Benshila, Rachid and Madec, Gurvan},
  journal={Geoscientific Model Development},
  volume={13},
  number={7},
  pages={3067--3090},
  year={2020},
  publisher={Copernicus GmbH}
}


@article{adams1989mudpack,
  title={MUDPACK: Multigrid portable FORTRAN software for the efficient solution of linear elliptic partial differential equations},
  author={Adams, John C},
  journal={Applied Mathematics and Computation},
  volume={34},
  number={2},
  pages={113--146},
  year={1989},
  publisher={Elsevier}
}



% Condition free-slip et son effet sur le shear stress.
@article{tan2018applying,
  title={Applying the free-slip boundary condition with an adaptive Cartesian cut-cell method for complex geometries},
  author={Tan, Hua},
  journal={Numerical Heat Transfer, Part B: Fundamentals},
  volume={74},
  number={4},
  pages={661--684},
  year={2018},
  publisher={Taylor \& Francis},
  url={https://par.nsf.gov/servlets/purl/10108399}
  
}



% Très gros résumé de la représentation mathématique des termes associés à la dérive de Stokes dans les équations de Navier-Stokes.
@article{suzuki2016understanding,
  title={Understanding {Stokes} forces in the wave-averaged equations},
  author={Suzuki, Nobuhiro and Fox-Kemper, Baylor},
  journal={Journal of Geophysical Research : Oceans},
  volume={121},
  number={5},
  pages={3579--3596},
  year={2016},
  publisher={Wiley Online Library}
}


% Premier scientifique à relier la Roughness Lenght avec la friction velocity. 
@article{charnock1955wind,
  title={Wind stress on a water surface},
  author={Charnock, H},
  journal={Quarterly Journal of the Royal Meteorological Society},
  volume={81},
  number={350},
  pages={639--640},
  year={1955},
  publisher={Wiley Online Library}
}






@article { janssen_1989,
      author    = {Janssen, Peter A. E. M.},
      title     = {Wave-Induced Stress and the Drag of Air Flow over Sea Waves},
      journal   = {Journal of Physical Oceanography},
      year      = {1989},
      publisher = {American Meteorological Society},
      address   = {Boston MA, USA},
      volume    = {19},
      number    = {6},
      doi       = {https://doi.org/10.1175/1520-0485(1989)019<0745:WISATD>2.0.CO;2},
      pages     = {745 - 754},
      url       = {https://journals.ametsoc.org/view/journals/phoc/19/6/1520-0485_1989_019_0745_wisatd_2_0_co_2.xml}
}


% Article super important qui explique comment les contraintes de cisaillement sont
% appliquées sur les vagues
@article {janssen_1991,
      author    = {Janssen, Peter A. E. M.},
      title     = {Quasi-linear Theory of Wind-Wave Generation Applied to Wave Forecasting},
      journal   = {Journal of Physical Oceanography},
      year      = {1991},
      publisher = {American Meteorological Society},
      address   = {Boston MA, USA},
      volume    = {21},
      number    = {11},
      doi       = {https://doi.org/10.1175/1520-0485(1991)021<1631:QLTOWW>2.0.CO;2},
      pages     = {1631 - 1642},
      url       = {https://journals.ametsoc.org/view/journals/phoc/21/11/1520-0485_1991_021_1631_qltoww_2_0_co_2.xml}
}

% Le livre qui explique tout : 
@book{janssen2004interaction,
  title={The interaction of ocean waves and wind},
  author={Janssen, Peter},
  year={2004},
  publisher={Cambridge University Press}
}

@inproceedings{bidlot2012present,
  title={Present status of wave forecasting at ECMWF},
  author={Bidlot, Jean-Raymond},
  booktitle={Workshop on ocean waves},
  pages={25--27},
  year={2012}
}