@book{vallis_2006,
  author    = {K. Vallis, Goeffrey}, 
  title     = {Atmospheric and Oceanic Fluid Dynamic : Fundamentals and Large-scale Circulation},
  publisher = {Cambridge University Press},
  year      = 2006,
  address   = {The Edinburg Building, Cambridge CB2 2RU, UK},
  edition   = {Second Edition},
}



@book{gill-atmosphere-ocean,
  title={Atmosphere-Ocean Dynamics},
  author={Gill, Adrian E},
  year={1982},
  publisher={Academic Press : Elsevier}
}


@book{riley_hobson_bence_2006,
place      = {Cambridge},
edition    = {3},
title      = {Mathematical Methods for Physics and Engineering: A Comprehensive Guide},
DOI        = {10.1017/CBO9780511810763},
publisher  = {Cambridge University Press},
author     = {Riley, K. F. and Hobson, M. P. and Bence, S. J.},
year       = {2006},
}





% Stress radiatif des vagues 
@inproceedings{longuet1964radiation,
  title={Radiation stresses in water waves; a physical discussion, with applications},
  author={Longuet-Higgins, Michael S and Stewart, RW},
  booktitle={Deep sea research and oceanographic abstracts},
  volume={11},
  number={4},
  pages={529--562},
  year={1964},
  organization={Elsevier}
}


% Cité par Elizabeth Hunke en 1997.
% teardrop yield curve
@article{coon1974modeling,
  title={Modeling the pack ice as an elastic-plastic material, Aidjex Bull., 24, 1-105, 1974},
  author={Coon, M.D. and Maykut, G.A. and Pritchard, R.S. and Rothrock, D.A. and Thorndike, A.S.},
  journal={Adjex Bulletin},
  volume={24},
  pages={1--105},
  year={1974}
}



% Cité par Elizabeth Hunke en 1997.
% elliptical yield curve
@article{hibler1979dynamic,
  title={A dynamic thermodynamic sea ice model},
  author={Hibler, {W.D., III}},
  journal={Journal of physical oceanography},
  volume={9},
  number={4},
  pages={815--846},
  year={1979}
}


% Ice jumble model
@article{uzuner1976theoretical,
  title={Theoretical model of river ice jams},
  author={Uzuner, Mehmet S. and Kennedy, John F.},
  journal={Journal of the Hydraulics Division},
  volume={102},
  number={9},
  pages={1365--1383},
  year={1976},
  publisher={American Society of Civil Engineers}
}


% Premier article important pour Elizabeth Hunke. 
@article{hunke1997elastic,
  title={An elastic--viscous--plastic model for sea ice dynamics},
  author={Hunke, Elizabeth C. and Dukowicz, John K.},
  journal={Journal of physical oceanography},
  volume={27},
  number={9},
  pages={1849--1867},
  year={1997},
  publisher={American Meteorological Society}
}

% Ice jumble model 
@article{hopkins1999compression,
  title={Compression of floating ice fields},
  author={Hopkins, Mark A. and Tuhkuri, Jukka},
  journal={Journal of Geophysical Research: Oceans},
  volume={104},
  number={C7},
  pages={15815--15825},
  year={1999},
  publisher={Wiley Online Library}
}


% Second article important pour Elizabeth Hunke. 
@article{hunke2001viscous,
  title={Viscous--plastic sea ice dynamics with the EVP model: Linearization issues},
  author={Hunke, Elizabeth C},
  journal={Journal of Computational Physics},
  volume={170},
  number={1},
  pages={18--38},
  year={2001},
  publisher={Elsevier}
}


@article{dai2004wave,
  title={Wave rafting and the equilibrium pancake ice cover thickness},
  author={Dai, Mingrui and Shen, Hayley H. and Hopkins, Mark A. and Ackley, Stephen F.},
  journal={Journal of Geophysical Research: Oceans},
  volume={109},
  number={C7},
  year={2004},
  publisher={Wiley Online Library}
}

