@book{vallis_2006,
  author    = {K. Vallis, Goeffrey}, 
  title     = {Atmospheric and Oceanic Fluid Dynamic : Fundamentals and Large-scale Circulation},
  publisher = {Cambridge University Press},
  year      = 2006,
  address   = {The Edinburg Building, Cambridge CB2 2RU, UK},
  edition   = {Second Edition},
  isbn      = {13 978-0-521-84969-2}
}

@book{riley_hobson_bence_2006,
place      = {Cambridge},
edition    = {3},
title      = {Mathematical Methods for Physics and Engineering: A Comprehensive Guide},
DOI        = {10.1017/CBO9780511810763},
publisher  = {Cambridge University Press},
author     = {Riley, K. F. and Hobson, M. P. and Bence, S. J.},
year       = {2006},
}


@article{chen_2021,
  title={Interaction of nonlinear Ekman pumping, near-inertial oscillations and geostrophic turbulence in an idealized coupled model},
  author={Chen, Yanxu and Straub, David and Nadeau, Louis-Philippe},
  journal={Journal of Physical Oceanography},
  year={2021}
}



@article{adams1989mudpack,
  title={MUDPACK: Multigrid portable FORTRAN software for the efficient solution of linear elliptic partial differential equations},
  author={Adams, John C},
  journal={Applied Mathematics and Computation},
  volume={34},
  number={2},
  pages={113--146},
  year={1989},
  publisher={Elsevier}
}



% Condition free-slip et son effet sur le shear stress.
@article{tan2018applying,
  title={Applying the free-slip boundary condition with an adaptive Cartesian cut-cell method for complex geometries},
  author={Tan, Hua},
  journal={Numerical Heat Transfer, Part B: Fundamentals},
  volume={74},
  number={4},
  pages={661--684},
  year={2018},
  publisher={Taylor \& Francis},
  url={https://par.nsf.gov/servlets/purl/10108399}
  
}



% Très gros résumé de la représentation mathématique des termes associés à la dérive de Stokes dans les équations de Navier-Stokes.
@article{suzuki2016understanding,
  title={Understanding {Stokes} forces in the wave-averaged equations},
  author={Suzuki, Nobuhiro and Fox-Kemper, Baylor},
  journal={Journal of Geophysical Research : Oceans},
  volume={121},
  number={5},
  pages={3579--3596},
  year={2016},
  publisher={Wiley Online Library}
}

